@ONLINE {kevin-ashton,
	author = "FINEP",
	title  = "Kevin Ashton – entrevista exclusiva com o criador do termo 
	“Internet das Coisas”",
	month  = "jan",
	year   = "2015",
	url    = 
	"http://finep.gov.br/noticias/todas-noticias/4446-kevin-ashton-entrevista-exclusiva-com-o-criador-do-termo-internet-das-coisas"
}

@ARTICLE {survey-suresh,
	author  = "P. Suresh J. Vijay Daniel; Dr.V.Parthasarathy; R.H. Aswathy",
	title   = "A state of the art review on the Internet of Things (IoT)",
	journal = "International Conference on Science, Engineering and Management Research",
	year    = "2014"
}

@ONLINE {andrewmeola2016,
	author = "Andrew Meola",
	title  = "What is the Internet of Things (IoT)?",
	month  = "dec",
	year   = "2016",
	url    = "http://www.businessinsider.com/what-is-the-internet-of-things-definition-2016-8"
}

------------------------       BLUETOOTH     ------------------------------

@ONLINE {bluetoothSIG2017,
	author = "Bluetooth SIG",
	title  = "How It Works",
	month  = "jan",
	year   = "2017",
	url    = "https://www.bluetooth.com/what-is-bluetooth-technology/how-it-works"
}

@ONLINE {jimkardach2008,
	author = "Jim Kardach",
	title  = "Tech History: How Bluetooth got its name",
	month  = "mar",
	year   = "2008",
	url    = "https://www.bluetooth.com/what-is-bluetooth-technology/how-it-works"
}

@book{huang2007bluetooth,
	title={Bluetooth Essentials for Programmers},
	author={Albert S. Huang and Larry Rudolph},
	isbn={9781139465465},
	url={https://books.google.com.br/books?id=s\_djgV7\_sXAC},
	year={2007},
	publisher={Cambridge University Press}
}

@ONLINE {sig2017,
	author = "Bluetooth SIG",
	title  = "Bluetooth Core Specification",
	month  = "jan",
	year   = "2017",
	url    = "https://www.bluetooth.com/specifications/bluetooth-core-specification"
}


@ONLINE {apple2014,
	author = "Apple",
	title  = "Getting Started with iBeacon",
	month  = "jun",
	year   = "2014",
	url    = "https://developer.apple.com/ibeacon/Getting-Started-with-iBeacon.pdf"
}

@ONLINE {linklabs2015,
	author = "Link Labs",
	title  = "Bluetooth Vs. Bluetooth Low Energy: What's The Difference?",
	month  = "nov",
	year   = "2015",
	url    = "https://www.link-labs.com/bluetooth-vs-bluetooth-low-energy/"
}

@ONLINE {bluetoothsig2016,
	author = "Bluetooth SIG",
	title  = "BLuetooth 5",
	month  = "dec",
	year   = "2016",
	url    = "https://www.bluetooth.com/specifications/bluetooth-core-specification/bluetooth5"
}

--------------------   RFID    ------------------------

@book{klaus2011,
	Author = {Klaus Finkenzeller},
	Title = {RFID Handbook: Fundamentals and Applications in Contactless Smart Cards, Radio 
	Frequency Identification and Near-Field Communication},
	Publisher = {Wiley},
	Year = {2011},
	ISBN = {9780470695067},
	URL = 
	{https://www.amazon.com/RFID-Handbook-Fundamentals-Identification-Communication-ebook/dp/B005HF2GH8%3FSubscriptionId%3D0JYN1NVW651KCA56C102%26tag%3Dtechkie-20%26linkCode%3Dxm2%26camp%3D2025%26creative%3D165953%26creativeASIN%3DB005HF2GH8}
}

-------------------     NFC    -----------------------

@BOOK {brianjepsondoncolemantomigoe2014,
	author    = "Brian Jepson, Don Coleman, Tom Igoe",
	title     = "Beginning NFC: Near Field Communication with Arduino, Android, and PhoneGap",
	publisher = "O'Reilly Media, Inc.",
	year      = "2014",
	edition   = "first",
	month     = "jan"
}

@ONLINE {nfcforumtypespec2017,
	author = "NFC-Forum",
	title  = "Tag Type Technical Specifications",
	month  = "jan",
	year   = "2017",
	url    = 
	"http://nfc-forum.org/our-work/specifications-and-application-documents/specifications/tag-type-technical-specifications/"
}

@ONLINE {nfcforumspecarch2017,
	author = "NFC Forum",
	title  = "NFC Forum Specification Architecture",
	month  = "jan",
	year   = "2017",
	url    = 
	"http://nfc-forum.org/our-work/specifications-and-application-documents/specifications/"
}

@ONLINE {nfcforumabout2017,
	author = "NFC Forum",
	title  = "About the Technology",
	month  = "jan",
	year   = "2017",
	url    = "http://nfc-forum.org/what-is-nfc/about-the-technology/"
}



-------------------------    ZIGBEE    ------------------------


@book{FALUDI2010,
	Author = {Robert Faludi},
	Title = {Building Wireless Sensor Networks: with ZigBee, XBee, Arduino, and Processing},
	Publisher = {O'Reilly Media},
	Year = {2010},
	ISBN = {9780596807733},
	URL = 
	{https://www.amazon.com/Building-Wireless-Sensor-Networks-Processing-ebook/dp/B004GTLFHI%3FSubscriptionId%3D0JYN1NVW651KCA56C102%26tag%3Dtechkie-20%26linkCode%3Dxm2%26camp%3D2025%26creative%3D165953%26creativeASIN%3DB004GTLFHI}
}

@book{IEEE802154_2011,
	Author = {IEEE},
	Title = {IEEE 802.15.4-2011},
	Publisher = {IEEE},
	Year = {2011},
	ISBN = {0738166847},
	URL = {https://www.amazon.com/IEEE-802-15-4-2011/dp/0738166847%3FSubscriptionId%3D0JYN1NVW651KCA56C102%26tag%3Dtechkie-20%26linkCode%3Dxm2%26camp%3D2025%26creative%3D165953%26creativeASIN%3D0738166847}
}


----------------------   APLICAÇÕES  ----------------------------


@INPROCEEDINGS{mandula2015,
	author={K. Mandula and R. Parupalli and C. A. S. Murty and E. Magesh and R. Lunagariya},
	booktitle={2015 International Conference on Control, Instrumentation, Communication and Computational Technologies (ICCICCT)},
	title={Mobile based home automation using Internet of Things(IoT)},
	year={2015},
	pages={340-343},
	doi={10.1109/ICCICCT.2015.7475301},
	month={Dec},}


@ONLINE {amazon2017,
	author = "Amazon",
	title  = "Amazon Echo - Black",
	month  = "feb",
	year   = "2017",
	url    = "https://www.amazon.com/Amazon-Echo-Bluetooth-Speaker-with-WiFi-Alexa/dp/B00X4WHP5E"
}

@INPROCEEDINGS{CECILIA2016,
	author={A. A. Cecilia and K. Sudarsanan},
	booktitle={2016 International Conference on Emerging Trends in Engineering, Technology and Science (ICETETS)},
	title={A survey on smart grid},
	year={2016},
	pages={1-7},
	keywords={smart power grids;SG applications;communication technology;disaster energy;electrical grid;production management;smart grid;smart metering technology;wireless communication technology;Bluetooth;Local area networks;Monitoring;Smart grids;Transceivers;Wide area networks;Advanced metering infrastructures (AMI);Home Area Network (HAN);Local Area Network (LAN);Wide Area Network (WAN)},
	doi={10.1109/ICETETS.2016.7603069},
	month={Feb},}

@ONLINE {texasinstruments2017,
	author = "Texas Instruments",
	title  = "Grid Infrastructure IC solutions",
	month  = "feb",
	year   = "2017",
	url    = "http://www.ti.com/lsds/ti/applications/industrial/grid-infrastructure/overview.page"
}

@ONLINE {generalelectric2017,
	author = "General Electric",
	title  = "General Electric | SOBRE A GE – A primeira companhia Digital Industrial.",
	month  = "feb",
	year   = "2017",
	url    = "https://www.ge.com/br/sobre"
}

@ONLINE {danielterdiman2014,
	author = "Daniel Terdiman",
	title  = "How GE got on track toward the smartest locomotives ever",
	month  = "jun",
	year   = "2014",
	url    = "https://www.cnet.com/news/at-ge-making-the-most-advanced-locomotives-in-history/"
}

@INPROCEEDINGS{SHIBATA2016,
	author={Y. Shibata and K. Sasaki},
	booktitle={2016 19th International Conference on Network-Based Information Systems (NBiS)},
	title={Tourist Information System Based on Beacon and Augumented Reality Technologies},
	year={2016},
	pages={410-413},
	keywords={augmented reality;information systems;travel industry;AR;POI information;augmented reality technologies;beacon device;point of interests;tour information;tourist information system;waver signal;Augmented reality;Information systems;Prototypes;Sensors;Servers;Smart devices;Uniform resource locators;AR;Beacon;tourist information system},
	doi={10.1109/NBiS.2016.85},
	month={Sept},}